<?xml version="1.0" encoding="UTF-8"?><record xmlns="http://www.loc.gov/MARC21/slim" xmlns:cinclude="http://apache.org/cocoon/include/1.0" xmlns:zs="http://www.loc.gov/zing/srw/">
  <leader>00432nz  a2200133n  4500</leader>
  <controlfield tag="001">nr 97003020 </controlfield>
  <controlfield tag="003">DLC</controlfield>
  <controlfield tag="005">19980423051227.0</controlfield>
  <controlfield tag="008">970124n| acannaab|          |a anc     c</controlfield>
  <datafield tag="010" ind1=" " ind2=" ">
    <subfield code="a">nr 97003020 </subfield>
  </datafield>
  <datafield tag="040" ind1=" " ind2=" ">
    <subfield code="a">NjP</subfield>
    <subfield code="c">NjP</subfield>
  </datafield>
  <datafield tag="110" ind1="2" ind2="0">
    <subfield code="a">Musikkonservatoriet i Oslo.</subfield>
    <subfield code="b">Chorus</subfield>
  </datafield>
  <datafield tag="410" ind1="2" ind2="0">
    <subfield code="a">Chorus of the Musikk konservatoriet of Oslo</subfield>
  </datafield>
  <datafield tag="670" ind1=" " ind2=" ">
    <subfield code="a">Listen to the silence, p1973:</subfield>
    <subfield code="b">container (Chorus of the Musikk konservatoriet [sic] of Oslo, Norway)</subfield>
  </datafield>
</record>